<?xml version="1.0" encoding="UTF-8"?><collection xmlns="http://www.loc.gov/MARC21/slim"><record><leader>00560nam--2200205-i-4500</leader><controlfield tag="001">000021030</controlfield><controlfield tag="002">20161230</controlfield><controlfield tag="005">20161230201034</controlfield><controlfield tag="008">060222s1000------------r-----000-0-eng-d</controlfield><datafield ind1=" " ind2=" " tag="020"><subfield code="a">905699185x</subfield></datafield><datafield ind1=" " ind2=" " tag="040"><subfield code="a">IFIN-HH</subfield></datafield><datafield ind1=" " ind2=" " tag="080"><subfield code="a">5530.145</subfield></datafield><datafield ind1="1" ind2=" " tag="100"><subfield code="a">Rogalski, Mircea</subfield></datafield><datafield ind1="1" ind2="0" tag="245"><subfield code="a">Quantum physics</subfield><subfield code="c">Mircea s. rogalski; stuart b. plamer</subfield></datafield><datafield ind1=" " ind2=" " tag="260"><subfield code="a">Amsterdam</subfield><subfield code="b">Gordon And Breach Science Publishing</subfield><subfield code="c">1999</subfield></datafield><datafield ind1=" " ind2=" " tag="300"><subfield code="a">XIV + 474 P</subfield></datafield><datafield ind1="2" ind2=" " tag="650"><subfield code="a">Quantum Physics</subfield></datafield><datafield ind1="1" ind2=" " tag="700"><subfield code="a">Palmer, Stuart B</subfield></datafield><datafield ind1=" " ind2=" " tag="852"><subfield code="a">80994</subfield><subfield code="c">530.145</subfield></datafield><datafield ind1=" " ind2=" " tag="CAT"><subfield code="a">Sys</subfield><subfield code="c">20110330</subfield><subfield code="h">135206</subfield></datafield></record></collection>